% This file was created with JabRef 2.9.2.
% Encoding: Big5

@CONFERENCE{PDSM,
  author = {Anand, M. and Mishra, P.},
  title = {{A novel modulation scheme for visible light communication}},
  booktitle = {Annual IEEE India Conference},
  year = {2010},
  owner = {Amean},
  timestamp = {2013.12.14}
}

@INPROCEEDINGS{ashok2010challenge,
  author = {Ashok, Ashwin and Gruteser, Marco and Mandayam, Narayan and Silva,
	Jayant and Varga, Michael and Dana, Kristin},
  title = {Challenge: Mobile optical networks through visual {MIMO}},
  booktitle = {Proceedings of Mobile computing and networking},
  year = {2010},
  pages = {105--112},
  organization = {ACM}
}

@ARTICLE{Bridgelux,
  author = {Bridgelux, Inc.},
  title = {Bridgelux {ES} Array Series Product Data Sheet},
  owner = {Administrator},
  timestamp = {2014.03.10},
  url = {http://media.digikey.com/pdf/Data%20Sheets/Bridgelux%20PDFs/ES_Array_Series.pdf}
}

@INPROCEEDINGS{danakis2012using,
  author = {Danakis, Christos and Afgani, Mostafa and Povey, Gordon and Underwood,
	Ian and Haas, Harald},
  title = {Using a {CMOS} camera sensor for visible light communication},
  booktitle = {Proceedings of Globecom Workshops},
  year = {2012},
  pages = {1244--1248},
  month = {Dec},
  organization = {IEEE}
}

@ARTICLE{de2002yin,
  author = {De Cheveign{\'e}, Alain and Kawahara, Hideki},
  title = {YIN, a fundamental frequency estimator for speech and music},
  journal = {The Journal of the Acoustical Society of America},
  year = {2002},
  volume = {111},
  pages = {1917--1930},
  number = {4}
}

@ARTICLE{MP-OOK,
  author = {Dong-Fang Zhang, and Yi-Jun Zhu, and Yan-Yu Zhang},
  title = {{Multi-LED Phase-Shifted OOK Modulation Based Visible Light Communication
	Systems}},
  journal = {IEEE Photonics Technology Letters},
  year = {2013},
  volume = {25},
  pages = {2251 - 2254},
  month = {December},
  owner = {Administrator},
  timestamp = {2013.12.13}
}

@ARTICLE{el2005cmos,
  author = {El Gamal, Abbas and Eltoukhy, Helmy},
  title = {{CMOS} image sensors},
  journal = {Circuits and Devices Magazine},
  year = {2005},
  volume = {21},
  pages = {6--20},
  number = {3},
  publisher = {IEEE}
}

@INPROCEEDINGS{hao2012cobra,
  author = {Hao, Tian and Zhou, Ruogu and Xing, Guoliang},
  title = {{COBRA}: color barcode streaming for smartphone systems},
  booktitle = {Proceedings of Mobile systems, applications, and services},
  year = {2012},
  pages = {85--98},
  organization = {ACM}
}

@INPROCEEDINGS{hu2013lightsync,
  author = {Hu, Wenjun and Gu, Hao and Pu, Qifan},
  title = {{LightSync}: unsynchronized visual communication over screen-camera
	links},
  booktitle = {Proceedings of Mobile computing and networking},
  year = {2013},
  pages = {15--26},
  organization = {ACM}
}

@ARTICLE{liang2008analysis,
  author = {Liang, Chia-Kai and Chang, Li-Wen and Chen, Homer H},
  title = {Analysis and compensation of rolling shutter effect},
  journal = {Journal of Image Processing},
  year = {2008},
  volume = {17},
  pages = {1323--1330},
  number = {8},
  publisher = {IEEE}
}

@ARTICLE{meingast2005geometric,
  author = {Meingast, Marci and Geyer, Christopher and Sastry, Shankar},
  title = {Geometric models of rolling-shutter cameras},
  journal = {arXiv preprint cs/0503076},
  year = {2005}
}

@INPROCEEDINGS{perli2010pixnet,
  author = {Perli, Samuel David and Ahmed, Nabeel and Katabi, Dina},
  title = {Pixnet: interference-free wireless links using lcd-camera pairs},
  booktitle = {Proceedings of Mobile computing and networking},
  year = {2010},
  pages = {137--148},
  organization = {ACM}
}

@ARTICLE{Flea,
  author = {Point Grey Research, Inc.},
  title = {{Flea 3 Product Data Sheet}},
  owner = {Administrator},
  timestamp = {2014.03.10},
  url = {http://www.ptgrey.com/products/flea3_usb3/Datasheet_Flea3_usb3.pdf}
}

@ARTICLE{IEEE802-15-7-Magazine,
  author = {Sridhar Rajagopal and Richard D. Roberts and Sang-Kyu Lim},
  title = {{IEEE 802.15.7 Visible Light Communication: Modulation Schemes and
	Dimming Support}},
  journal = {IEEE Communications Magazine},
  year = {2012},
  volume = {50},
  pages = {72 - 82},
  month = {March},
  owner = {Administrator},
  timestamp = {2013.12.13}
}

@INPROCEEDINGS{roberts2013space,
  author = {Roberts, Richard D},
  title = {Space-time forward error correction for dimmable undersampled frequency
	shift {ON-OFF} keying camera communications ({CamCom})},
  booktitle = {Proceedings of Ubiquitous and Future Networks},
  year = {2013},
  pages = {459--464},
  organization = {IEEE}
}

@INPROCEEDINGS{roberts2013undersampled,
  author = {Roberts, Richard D},
  title = {Undersampled frequency shift {ON-OFF} keying ({UFSOOK}) for camera
	communications ({CamCom})},
  booktitle = {Proceedings of Wireless and Optical Communication Conference},
  year = {2013},
  pages = {645--648},
  month = {May},
  organization = {IEEE}
}

@CONFERENCE{UFSOOK1,
  author = {Richard D. Roberts},
  title = {{Undersampled Frequency Shift ON-OFF Keying (UFSOOK) for Camera Communications
	(CamCom)}},
  booktitle = {Wireless and Optical Communication Conference (WOCC)},
  year = {2013},
  owner = {Amean},
  timestamp = {2013.12.15}
}

@CONFERENCE{UFSOOK2,
  author = {Richard D. Roberts},
  title = {{Space-Time Forward Error Correction for Dimmable Undersampled Frequency
	Shift ON-OFF Keying Camera Communications (CamCom)}},
  booktitle = {International Conference on Ubiquitous and Future Networks },
  year = {2013},
  owner = {Amean},
  timestamp = {2013.12.15}
}

@CONFERENCE{UFSOOK3,
  author = {Richard D. Roberts},
  title = {{A MIMO Protocol for Camera Communications (CamCom) using Undersampled
	Frequency Shift ON-OFF Keying (UFSOOK)}},
  booktitle = {Wireless and Optical Communication Conference},
  year = {2013},
  owner = {Amean},
  timestamp = {2013.12.15}
}

@INPROCEEDINGS{OurDemo2013,
  author = {S.-H. You, and S.-H. Chang, and H.-M. Lin, and H.-M. Tsai},
  title = {{Demo: Visible Light Communications for Scooter Safety}},
  booktitle = {ACM International Conference on Mobile Systems, Applications and
	Services (MobiSys)},
  year = {2013},
  owner = {Administrator},
  timestamp = {2013.12.13}
}

@ARTICLE{BossJournal2013,
  author = {S.-H. Yu, and O. Shih, and N. Wisitpongphan, and H.-M. Tsai, and
	R. D. Roberts},
  title = {{Smart Automotive Lighting for Vehicle Safety}},
  journal = {IEEE Communications Magazine},
  year = {2013},
  volume = {51},
  pages = {50-59},
  number = {12},
  month = {December},
  owner = {Administrator},
  timestamp = {2013.12.13}
}

@ARTICLE{iPhoneTech,
  author = {Anand Lal Shimpi},
  title = {{The iPhone 5s Review}},
  journal = {AnandTech},
  year = {2013},
  month = {September},
  owner = {Administrator},
  timestamp = {2014.03.10},
  url = {http://www.anandtech.com/show/7335/the-iphone-5s-review/10}
}

@CONFERENCE{BossPaper2013,
  author = {W. Viriyasitavat, and S.-H. Yu, and H.-M. Tsai},
  title = {{Short Paper: Channel Model for Visible Light Communications using
	Off-the-shelf Scooter Taillight}},
  booktitle = {IEEE Vehicular Networking Conference},
  year = {2013},
  owner = {Administrator},
  timestamp = {2013.12.13}
}

@ARTICLE{iPhoneWiki,
  author = {Wikipedia},
  title = {{Image Sensor Format}},
  owner = {Administrator},
  timestamp = {2014.03.10},
  url = {http://en.wikipedia.org/wiki/Image_sensor_format}
}

@INPROCEEDINGS{Yuan2014Phase,
  author = {W. Yuan and K. Dana and R. Howard and A. Ashok and R. Raskar and
	M. Gruteser and N. Mandayam},
  title = {Phase Messaging Method for Time-of-flight Cameras},
  booktitle = {Proceedings of International Conference on Computational Photography},
  year = {2013},
  organization = {IEEE},
  owner = {Administrator},
  timestamp = {2013.12.13}
}

@STANDARD{IEEE-802-15-7,
  title = {{IEEE 802.15 Part 7 Short-Range Wireless Optical Communication Using
	Visible Light}},
  year = {2011},
  owner = {Administrator},
  timestamp = {2013.12.13}
}
@inproceedings{vrcodes,
 author = {Woo, Grace and Lippman, Andy and Raskar, Ramesh},
 title = {VRCodes: Unobtrusive and Active Visual Codes for Interaction by Exploiting Rolling Shutter},
 booktitle = {Proceedings of the 2012 IEEE International Symposium on Mixed and Augmented Reality (ISMAR)},
 series = {ISMAR '12},
 year = {2012},
 isbn = {978-1-4673-4660-3},
 pages = {59--64},
 numpages = {6},
 url = {http://dx.doi.org/10.1109/ISMAR.2012.6402539},
 doi = {10.1109/ISMAR.2012.6402539},
 acmid = {2474243},
 publisher = {IEEE Computer Society},
 address = {Washington, DC, USA},
 keywords = {,Augmented Reality [Tracking]: Barcodes\&\#8212, Image color analysis,Cameras,Humans,Colored noise,Decoding,Visualization,Solids,Human Visual System [Metamerism]: Fusion Flicker Threshold\&\#8212, Visual Markers},
} 

@inproceedings{landmark,
 author = {Rajagopal, Niranjini and Lazik, Patrick and Rowe, Anthony},
 title = {Visual Light Landmarks for Mobile Devices},
 booktitle = {Proceedings of the 13th International Symposium on Information Processing in Sensor Networks},
 series = {IPSN '14},
 year = {2014},
 isbn = {978-1-4799-3146-0},
 location = {Berlin, Germany},
 pages = {249--260},
 numpages = {12},
 url = {http://dl.acm.org/citation.cfm?id=2602339.2602367},
 acmid = {2602367},
 publisher = {IEEE Press},
 address = {Piscataway, NJ, USA},
 keywords = {indoor localization, visual light communication, wireless communication},
} 

@book{imagesensor,
 author = {Nakamura, Junichi},
 title = {Image Sensors and Signal Processing for Digital Still Cameras},
 year = {2005},
 isbn = {0849335450},
 publisher = {CRC Press, Inc.},
 address = {Boca Raton, FL, USA},
} 

@misc{pointgrey_flea,
 title = {{PointGrey Flea3 Product Datasheet}},
 howpublished = {\url{http://www.ptgrey.com/products/flea3/Flea3_Datasheet.pdf}},
}

@inproceedings{visualmimo1,
 author = {Ashok, Ashwin and Gruteser, Marco and Mandayam, Narayan and Silva, Jayant and Varga, Michael and Dana, Kristin},
 title = {Challenge: Mobile Optical Networks Through Visual MIMO},
 booktitle = {Proceedings of the Sixteenth Annual International Conference on Mobile Computing and Networking},
 series = {MobiCom '10},
 year = {2010},
 isbn = {978-1-4503-0181-7},
 location = {Chicago, Illinois, USA},
 pages = {105--112},
 numpages = {8},
 url = {http://doi.acm.org/10.1145/1859995.1860008},
 doi = {10.1145/1859995.1860008},
 acmid = {1860008},
 publisher = {ACM},
 address = {New York, NY, USA},
 keywords = {computer vision, line of sight(los), optical communication, rf communication, visual mimo},
} 

@INPROCEEDINGS{visualmimo2, 
author={Ashok, A. and Gruteser, M. and Mandayam, N. and Taekyoung Kwon and Wenjia Yuan and Varga, M. and Dana, K.}, 
booktitle={Sensor, Mesh and Ad Hoc Communications and Networks (SECON), 2011 8th Annual IEEE Communications Society Conference on}, 
title={Rate adaptation in visual MIMO}, 
year={2011}, 
month={June}, 
pages={583-591}, 
keywords={CCD image sensors;CMOS image sensors;MIMO communication;fading channels;protocols;radio transmitters;CCD/CMOS camera image sensor;adaptation algorithm;light emitting arrays;multipath fading;optical link;packet based rate adaptation protocol;packet error rate feedback;parallel data transmission;rate selection decision;receiver;trace-based simulation;vehicle-to-vehicle communication scenario;visibility variation;visual MIMO camera-based communication;visual MIMO channel;visual MIMO rate adaptation;visual MIMO transmitter;Cameras;Light emitting diodes;MIMO;Multiplexing;Optical transmitters;Visualization}, 
doi={10.1109/SAHCN.2011.5984946}, 
ISSN={2155-5486},}

@inproceedings{visualmimo3,
 author = {Varga, Michael and Ashok, Ashwin and Gruteser, Marco and Mandayam, Narayan and Yuan, Wenjia and Dana, Kristin},
 title = {Demo: Visual MIMO Based LED - Camera Communication Applied to Automobile Safety},
 booktitle = {Proceedings of the 9th International Conference on Mobile Systems, Applications, and Services},
 series = {MobiSys '11},
 year = {2011},
 isbn = {978-1-4503-0643-0},
 location = {Bethesda, Maryland, USA},
 pages = {383--384},
 numpages = {2},
 url = {http://doi.acm.org/10.1145/1999995.2000046},
 doi = {10.1145/1999995.2000046},
 acmid = {2000046},
 publisher = {ACM},
 address = {New York, NY, USA},
 keywords = {computer vision, optical wireless, visual mimo},
} 

@article{haas,
  title={High-speed wireless networking using visible light},
  author={Haas, Harald},
  journal={SPIE Newsroom},
  year={2013}
}

@misc{haasTed,
 title = {{TED Talk online by Harald Haas on wireless data from every light bulb}},
 howpublished = {\url{http://bit.ly/tedvlc}},
}